<?xml version="1.0" encoding="UTF-8"?><record xmlns="http://www.loc.gov/MARC21/slim" xmlns:cinclude="http://apache.org/cocoon/include/1.0" xmlns:zs="http://www.loc.gov/zing/srw/">
  <leader>00545nz  a2200157n  4500</leader>
  <controlfield tag="001">no 98084869 </controlfield>
  <controlfield tag="003">DLC</controlfield>
  <controlfield tag="005">19980513053905.6</controlfield>
  <controlfield tag="008">980512n| acannaab|          |n aaa     c</controlfield>
  <datafield tag="010" ind1=" " ind2=" ">
    <subfield code="a">no 98084869 </subfield>
  </datafield>
  <datafield tag="035" ind1=" " ind2=" ">
    <subfield code="a">(OCoLC)oca04726951 </subfield>
  </datafield>
  <datafield tag="040" ind1=" " ind2=" ">
    <subfield code="a">IEN</subfield>
    <subfield code="c">IEN</subfield>
  </datafield>
  <datafield tag="100" ind1="1" ind2="0">
    <subfield code="a">Colvin, Christina</subfield>
  </datafield>
  <datafield tag="670" ind1=" " ind2=" ">
    <subfield code="a">Edgeworth, Maria. Maria Edgeworth, 1971:</subfield>
    <subfield code="b">t.p. (Christina Colvin)</subfield>
  </datafield>
  <datafield tag="670" ind1=" " ind2=" ">
    <subfield code="a">Maria Edgeworth's literary manuscripts in the Bodleian Library, 1970:</subfield>
    <subfield code="b">t.p. (Christina Edgeworth Colvin)</subfield>
  </datafield>
  <datafield tag="670" ind1=" " ind2=" ">
    <subfield code="a">LC database, 2 Apr., 1998</subfield>
    <subfield code="b">(hdg.: Colvin, Christina)</subfield>
  </datafield>
</record>